<?xml version="1.0" encoding="UTF-8"?><collection xmlns="http://www.loc.gov/MARC21/slim"><record><leader>00580nam--2200169-i-4500</leader><controlfield tag="001">000042714</controlfield><controlfield tag="002">20161230</controlfield><controlfield tag="005">20170124004738</controlfield><controlfield tag="008">060222s1000------------r-----000-0-eng-d</controlfield><datafield ind1=" " ind2=" " tag="040"><subfield code="a">IFIN-HH</subfield></datafield><datafield ind1=" " ind2=" " tag="080"><subfield code="a">539.142:539.17:539.263.2:061.3</subfield></datafield><datafield ind1="1" ind2=" " tag="100"><subfield code="a">Garg, J. B</subfield></datafield><datafield ind1="1" ind2="0" tag="245"><subfield code="a">Statistical properties of nuclei</subfield><subfield code="b">Proceedings of the international conference on statistical properties of nuclei, held at Albany, New York, August 23-27, 1971</subfield><subfield code="c">J. B. Garg (ed.)</subfield></datafield><datafield ind1=" " ind2=" " tag="260"><subfield code="a">New York</subfield><subfield code="b">Plenum Press</subfield><subfield code="c">1972</subfield></datafield><datafield ind1=" " ind2=" " tag="300"><subfield code="a">XXX+665 p</subfield></datafield><datafield ind1=" " ind2=" " tag="852"><subfield code="a">36611</subfield><subfield code="c">539.14</subfield></datafield><datafield ind1=" " ind2=" " tag="CAT"><subfield code="a">SYS</subfield><subfield code="c">20170124</subfield><subfield code="h">004738</subfield></datafield></record></collection>